
<!--400-->
<record>
  <leader>00835nam a2200265   4500</leader>
  <controlfield tag="001">BIBLIOPAC-010701</controlfield>
  <controlfield tag="003">Br</controlfield>
  <controlfield tag="005">20161123142928.0</controlfield>
  <controlfield tag="008">910131s19900000brj           000 0 por u</controlfield>
  <datafield tag="082" ind1="0" ind2="4">
    <subfield code="a">182</subfield>
  </datafield>
  <datafield tag="090" ind1=" " ind2=" ">
    <subfield code="a">180</subfield>
    <subfield code="b">V529m</subfield>
  </datafield>
  <datafield tag="092" ind1=" " ind2=" ">
    <subfield code="a">III-344,8,12</subfield>
  </datafield>
  <datafield tag="100" ind1="1" ind2=" ">
    <subfield code="a">Vernant, Jean Pierre,</subfield>
  </datafield>
  <datafield tag="240" ind1="0" ind2="0">
    <subfield code="a">Mythe et pensée chez les grecs.</subfield>
    <subfield code="l">Português</subfield>
  </datafield>
  <datafield tag="245" ind1="1" ind2="0">
    <subfield code="a">Mito e pensamento entre os gregos: </subfield>
    <subfield code="b">estudos de psicologia histórica / </subfield>
    <subfield code="c">Jean-Pierre Vernant ; tradução de Haiganuch Sarian.</subfield>
  </datafield>
  <datafield tag="260" ind1=" " ind2=" ">
    <subfield code="a">São Paulo: </subfield>
    <subfield code="b">Universidade de São Paulo, </subfield>
    <subfield code="c">1973.</subfield>
  </datafield>
  <datafield tag="300" ind1=" " ind2=" ">
    <subfield code="a">322p.</subfield>
  </datafield>
  <datafield tag="500" ind1=" " ind2=" ">
    <subfield code="a">Tradução de: Mythe et pensée chez les grecs.</subfield>
  </datafield>
  <datafield tag="595" ind1=" " ind2=" ">
    <subfield code="a">BNB</subfield>
    <subfield code="c">90/04</subfield>
  </datafield>
  <datafield tag="650" ind1=" " ind2=" ">
    <subfield code="a">Filosofia antiga</subfield>
    <subfield code="z">Grega.</subfield>
  </datafield>
  <datafield tag="650" ind1=" " ind2=" ">
    <subfield code="a">Mitologia grega.</subfield>
  </datafield>
  <datafield tag="700" ind1="1" ind2=" ">
    <subfield code="a">Sarian, Haiganuch.</subfield>
  </datafield>
  <datafield tag="852" ind1=" " ind2=" ">
    <subfield code="a">Obras Gerais</subfield>
  </datafield>
  <datafield tag="942" ind1=" " ind2=" ">
    <subfield code="c">L</subfield>
  </datafield>
  <datafield tag="999" ind1=" " ind2=" ">
    <subfield code="c">17411</subfield>
    <subfield code="d">17411</subfield>
  </datafield>
  <datafield tag="952" ind1=" " ind2=" ">
    <subfield code="0">0</subfield>
    <subfield code="1">0</subfield>
    <subfield code="4">0</subfield>
    <subfield code="6">189_000000000000000_V529M</subfield>
    <subfield code="7">1</subfield>
    <subfield code="8">G</subfield>
    <subfield code="9">23623</subfield>
    <subfield code="a">sdin</subfield>
    <subfield code="b">sdin</subfield>
    <subfield code="d">2016-11-23</subfield>
    <subfield code="l">0</subfield>
    <subfield code="o">189 V529m</subfield>
    <subfield code="p">76-0563</subfield>
    <subfield code="r">2016-11-23</subfield>
    <subfield code="w">2016-11-23</subfield>
    <subfield code="y">L</subfield>
  </datafield>
</record>