
<!--403-->
<record>
  <leader>00619nam a2200205   4500</leader>
  <controlfield tag="003">BR-MnINPA</controlfield>
  <controlfield tag="005">20161129162846.0</controlfield>
  <controlfield tag="008">140702s        bl     f     0000 0      </controlfield>
  <datafield tag="082" ind1="1" ind2=" ">
    <subfield code="a">190</subfield>
    <subfield code="2">19</subfield>
  </datafield>
  <datafield tag="090" ind1=" " ind2=" ">
    <subfield code="a">190 </subfield>
    <subfield code="b">B664f </subfield>
  </datafield>
  <datafield tag="100" ind1="1" ind2=" ">
    <subfield code="a">Bochenski, I. M.  </subfield>
  </datafield>
  <datafield tag="245" ind1="1" ind2="0">
    <subfield code="a">A filosofia contemporânea ocidental / </subfield>
    <subfield code="c">I. M. Bochenski; tradução de Antônio Pinto de Carvalho. </subfield>
  </datafield>
  <datafield tag="260" ind1=" " ind2=" ">
    <subfield code="a">São Paulo: </subfield>
    <subfield code="b">Pedagógica e Universitária, </subfield>
    <subfield code="c">1975. </subfield>
  </datafield>
  <datafield tag="300" ind1=" " ind2=" ">
    <subfield code="a">300p. </subfield>
  </datafield>
  <datafield tag="500" ind1=" " ind2=" ">
    <subfield code="a">Inclui índice.</subfield>
  </datafield>
  <datafield tag="650" ind1=" " ind2="4">
    <subfield code="a">Filosofia. </subfield>
  </datafield>
  <datafield tag="650" ind1=" " ind2="4">
    <subfield code="a">Filosófos modernos. </subfield>
  </datafield>
  <datafield tag="700" ind1="1" ind2=" ">
    <subfield code="a">Carvalho, Antônio pinto de.  </subfield>
  </datafield>
  <datafield tag="942" ind1=" " ind2=" ">
    <subfield code="c">L</subfield>
  </datafield>
  <datafield tag="999" ind1=" " ind2=" ">
    <subfield code="c">17391</subfield>
    <subfield code="d">17391</subfield>
  </datafield>
  <datafield tag="952" ind1=" " ind2=" ">
    <subfield code="0">0</subfield>
    <subfield code="1">0</subfield>
    <subfield code="2">ddc</subfield>
    <subfield code="4">0</subfield>
    <subfield code="6">190_000000000000000_B664F</subfield>
    <subfield code="7">0</subfield>
    <subfield code="9">24256</subfield>
    <subfield code="a">sdin</subfield>
    <subfield code="b">sdin</subfield>
    <subfield code="d">2016-11-29</subfield>
    <subfield code="l">0</subfield>
    <subfield code="o">190  B664f</subfield>
    <subfield code="p">76-0565</subfield>
    <subfield code="r">2016-11-29</subfield>
    <subfield code="w">2016-11-29</subfield>
    <subfield code="y">L</subfield>
  </datafield>
</record>