
<!--405-->
<record>
  <leader>00659nam a2200217 a 4500</leader>
  <datafield tag="999" ind1=" " ind2=" ">
    <subfield code="c">31004</subfield>
    <subfield code="d">31004</subfield>
  </datafield>
  <controlfield tag="003">BR-MnINPA</controlfield>
  <controlfield tag="005">20190603163439.0</controlfield>
  <controlfield tag="008">101104s2005    spb     r     000 0 por d</controlfield>
  <datafield tag="020" ind1=" " ind2=" ">
    <subfield code="a">9788576980452</subfield>
  </datafield>
  <datafield tag="040" ind1=" " ind2=" ">
    <subfield code="a">BIBLIODATA</subfield>
    <subfield code="b">por</subfield>
  </datafield>
  <datafield tag="082" ind1="0" ind2="4">
    <subfield code="a">194</subfield>
    <subfield code="2">19</subfield>
  </datafield>
  <datafield tag="090" ind1=" " ind2=" ">
    <subfield code="a">194</subfield>
    <subfield code="b">B119b</subfield>
  </datafield>
  <datafield tag="245" ind1=" " ind2=" ">
    <subfield code="a">Bachelard: raison et imagination = Bachelard: razão e imaginação /</subfield>
    <subfield code="c">Marly Bulcão.</subfield>
  </datafield>
  <datafield tag="260" ind1=" " ind2=" ">
    <subfield code="a">Feira de Santana :</subfield>
    <subfield code="b">Universidade Estadual de Feira de Santana,</subfield>
    <subfield code="c">2005.</subfield>
  </datafield>
  <datafield tag="300" ind1=" " ind2=" ">
    <subfield code="a">383 p.</subfield>
  </datafield>
  <datafield tag="600" ind1="1" ind2="4">
    <subfield code="a">Bachelard, Gaston,</subfield>
  </datafield>
  <datafield tag="650" ind1=" " ind2="4">
    <subfield code="a">Filosofia francesa.</subfield>
  </datafield>
  <datafield tag="650" ind1=" " ind2="4">
    <subfield code="a">Racionalismo.</subfield>
  </datafield>
  <datafield tag="700" ind1=" " ind2=" ">
    <subfield code="9">6380</subfield>
    <subfield code="a">Bulcão, Marly </subfield>
    <subfield code="e">Organizadora</subfield>
  </datafield>
  <datafield tag="942" ind1=" " ind2=" ">
    <subfield code="2">ddc</subfield>
    <subfield code="c">L</subfield>
  </datafield>
  <datafield tag="952" ind1=" " ind2=" ">
    <subfield code="0">0</subfield>
    <subfield code="1">0</subfield>
    <subfield code="2">ddc</subfield>
    <subfield code="4">0</subfield>
    <subfield code="6">194_000000000000000_B119</subfield>
    <subfield code="7">0</subfield>
    <subfield code="8">G</subfield>
    <subfield code="9">39674</subfield>
    <subfield code="a">sdin</subfield>
    <subfield code="b">sdin</subfield>
    <subfield code="d">2019-05-31</subfield>
    <subfield code="l">0</subfield>
    <subfield code="o">194 B119</subfield>
    <subfield code="p">2019-0178</subfield>
    <subfield code="r">2019-05-31</subfield>
    <subfield code="w">2019-05-31</subfield>
    <subfield code="y">L</subfield>
  </datafield>
</record>

</collection>
